%YAML 1.1
%TAG !u! tag:unity3d.com,2011:
--- !u!1 &1899395189629430
GameObject:
  m_ObjectHideFlags: 0
  m_CorrespondingSourceObject: {fileID: 0}
  m_PrefabInstance: {fileID: 0}
  m_PrefabAsset: {fileID: 0}
  serializedVersion: 6
  m_Component:
  - component: {fileID: 4305217540916540}
  - component: {fileID: 212503798791094790}
  - component: {fileID: 50221295843360702}
  - component: {fileID: 58099085495453250}
  - component: {fileID: 114832665194540376}
  - component: {fileID: 114300233785285354}
  - component: {fileID: 114370586003247484}
  - component: {fileID: 114127149940310488}
  - component: {fileID: 114656553025293414}
  - component: {fileID: 2967796526291376533}
  m_Layer: 9
  m_Name: Boomer (2)
  m_TagString: Enemy
  m_Icon: {fileID: 0}
  m_NavMeshLayer: 0
  m_StaticEditorFlags: 0
  m_IsActive: 1
--- !u!4 &4305217540916540
Transform:
  m_ObjectHideFlags: 0
  m_CorrespondingSourceObject: {fileID: 0}
  m_PrefabInstance: {fileID: 0}
  m_PrefabAsset: {fileID: 0}
  m_GameObject: {fileID: 1899395189629430}
  serializedVersion: 2
  m_LocalRotation: {x: 0, y: 0, z: 0, w: 1}
  m_LocalPosition: {x: 0, y: 0, z: 0}
  m_LocalScale: {x: 0.75, y: 0.75, z: 1}
  m_ConstrainProportionsScale: 0
  m_Children: []
  m_Father: {fileID: 0}
  m_LocalEulerAnglesHint: {x: 0, y: 0, z: 0}
--- !u!212 &212503798791094790
SpriteRenderer:
  m_ObjectHideFlags: 0
  m_CorrespondingSourceObject: {fileID: 0}
  m_PrefabInstance: {fileID: 0}
  m_PrefabAsset: {fileID: 0}
  m_GameObject: {fileID: 1899395189629430}
  m_Enabled: 1
  m_CastShadows: 0
  m_ReceiveShadows: 0
  m_DynamicOccludee: 1
  m_StaticShadowCaster: 0
  m_MotionVectors: 1
  m_LightProbeUsage: 1
  m_ReflectionProbeUsage: 1
  m_RayTracingMode: 0
  m_RayTraceProcedural: 0
  m_RayTracingAccelStructBuildFlagsOverride: 0
  m_RayTracingAccelStructBuildFlags: 1
  m_RenderingLayerMask: 4294967295
  m_RendererPriority: 0
  m_Materials:
  - {fileID: 10754, guid: 0000000000000000f000000000000000, type: 0}
  m_StaticBatchInfo:
    firstSubMesh: 0
    subMeshCount: 0
  m_StaticBatchRoot: {fileID: 0}
  m_ProbeAnchor: {fileID: 0}
  m_LightProbeVolumeOverride: {fileID: 0}
  m_ScaleInLightmap: 1
  m_ReceiveGI: 1
  m_PreserveUVs: 0
  m_IgnoreNormalsForChartDetection: 0
  m_ImportantGI: 0
  m_StitchLightmapSeams: 0
  m_SelectedEditorRenderState: 0
  m_MinimumChartSize: 4
  m_AutoUVMaxDistance: 0.5
  m_AutoUVMaxAngle: 89
  m_LightmapParameters: {fileID: 0}
  m_SortingLayerID: 0
  m_SortingLayer: 0
  m_SortingOrder: 0
  m_Sprite: {fileID: 21300124, guid: 534e28977fd18ca469d5846916dd3810, type: 3}
  m_Color: {r: 1, g: 1, b: 1, a: 1}
  m_FlipX: 0
  m_FlipY: 0
  m_DrawMode: 0
  m_Size: {x: 0.82, y: 0.84}
  m_AdaptiveModeThreshold: 0.5
  m_SpriteTileMode: 0
  m_WasSpriteAssigned: 1
  m_MaskInteraction: 0
  m_SpriteSortPoint: 0
--- !u!50 &50221295843360702
Rigidbody2D:
  serializedVersion: 4
  m_ObjectHideFlags: 0
  m_CorrespondingSourceObject: {fileID: 0}
  m_PrefabInstance: {fileID: 0}
  m_PrefabAsset: {fileID: 0}
  m_GameObject: {fileID: 1899395189629430}
  m_BodyType: 1
  m_Simulated: 1
  m_UseFullKinematicContacts: 0
  m_UseAutoMass: 0
  m_Mass: 1
  m_LinearDrag: 0
  m_AngularDrag: 0.05
  m_GravityScale: 1
  m_Material: {fileID: 0}
  m_IncludeLayers:
    serializedVersion: 2
    m_Bits: 0
  m_ExcludeLayers:
    serializedVersion: 2
    m_Bits: 0
  m_Interpolate: 0
  m_SleepingMode: 1
  m_CollisionDetection: 0
  m_Constraints: 0
--- !u!58 &58099085495453250
CircleCollider2D:
  m_ObjectHideFlags: 0
  m_CorrespondingSourceObject: {fileID: 0}
  m_PrefabInstance: {fileID: 0}
  m_PrefabAsset: {fileID: 0}
  m_GameObject: {fileID: 1899395189629430}
  m_Enabled: 1
  serializedVersion: 3
  m_Density: 1
  m_Material: {fileID: 0}
  m_IncludeLayers:
    serializedVersion: 2
    m_Bits: 0
  m_ExcludeLayers:
    serializedVersion: 2
    m_Bits: 0
  m_LayerOverridePriority: 0
  m_ForceSendLayers:
    serializedVersion: 2
    m_Bits: 4294967295
  m_ForceReceiveLayers:
    serializedVersion: 2
    m_Bits: 4294967295
  m_ContactCaptureLayers:
    serializedVersion: 2
    m_Bits: 4294967295
  m_CallbackLayers:
    serializedVersion: 2
    m_Bits: 4294967295
  m_IsTrigger: 1
  m_UsedByEffector: 0
  m_CompositeOperation: 0
  m_CompositeOrder: 0
  m_Offset: {x: 0, y: 0.023663204}
  m_Radius: 0.4828143
--- !u!114 &114832665194540376
MonoBehaviour:
  m_ObjectHideFlags: 0
  m_CorrespondingSourceObject: {fileID: 0}
  m_PrefabInstance: {fileID: 0}
  m_PrefabAsset: {fileID: 0}
  m_GameObject: {fileID: 1899395189629430}
  m_Enabled: 1
  m_EditorHideFlags: 0
  m_Script: {fileID: 11500000, guid: 52220f0f48bc3a34eac4149146348d91, type: 3}
  m_Name: 
  m_EditorClassIdentifier: 
  FlashDuration: 0.05
--- !u!114 &114300233785285354
MonoBehaviour:
  m_ObjectHideFlags: 0
  m_CorrespondingSourceObject: {fileID: 0}
  m_PrefabInstance: {fileID: 0}
  m_PrefabAsset: {fileID: 0}
  m_GameObject: {fileID: 1899395189629430}
  m_Enabled: 1
  m_EditorHideFlags: 0
  m_Script: {fileID: 11500000, guid: 5fbe879207f4c3d4ebad819c65ca7489, type: 3}
  m_Name: 
  m_EditorClassIdentifier: 
  Health: 500
  Tier: 2
  DeathVFX: {fileID: 1170567192047786, guid: dfbdf2134f769dc4486867bd0989e1f4, type: 3}
  durationOfExplosion: 0.5
  hurtSound: {fileID: 8300000, guid: 581fc7c72ab57cf4d8a75bdabf24de5a, type: 3}
  deathSound: {fileID: 8300000, guid: c147827aaf64c334a83c237b196dce0d, type: 3}
  deathSoundVolume: 0.5
  Laser: {fileID: 1302353397656714, guid: e53a25990dbeb7b469475ad165fdcc86, type: 3}
  ProjectileSpeed: 2
  projectileSound: {fileID: 8300000, guid: 963064206c5ba284787d30ae7f05e5d5, type: 3}
  projectileSoundVolume: 0.3
  MinTimeBetweenShoots: 0.2
  MaxTimeBetweenShoots: 3
  SPIN_CHASE:
    Name: Spin_Chase
    Cooldown:
      min_cooldown: 0
      max_cooldown: 0
      _cooldown: 0
    GeneralDelay: 1
    IgnoreCooldownCorrection: 0
    MaxSpinSpeed: 1800
    MaxSpinSpeedTime: 1
    ChaseDuration: 4
    ChaseDurationCounter: 0
    InvisibleChase: 0
--- !u!114 &114370586003247484
MonoBehaviour:
  m_ObjectHideFlags: 0
  m_CorrespondingSourceObject: {fileID: 0}
  m_PrefabInstance: {fileID: 0}
  m_PrefabAsset: {fileID: 0}
  m_GameObject: {fileID: 1899395189629430}
  m_Enabled: 1
  m_EditorHideFlags: 0
  m_Script: {fileID: 11500000, guid: 39a539daa3174014a8b6e51b6ef6c575, type: 3}
  m_Name: 
  m_EditorClassIdentifier: 
  WaveConfig: {fileID: 0}
  _waypoints: []
  LockOnFirst: 0
  unlockCorout: 0
  MoveSpeedModifier: 1
  _pathIndex: 0
  stopped: 0
--- !u!114 &114127149940310488
MonoBehaviour:
  m_ObjectHideFlags: 0
  m_CorrespondingSourceObject: {fileID: 0}
  m_PrefabInstance: {fileID: 0}
  m_PrefabAsset: {fileID: 0}
  m_GameObject: {fileID: 1899395189629430}
  m_Enabled: 1
  m_EditorHideFlags: 0
  m_Script: {fileID: 11500000, guid: 9a976b0551803af4fb14e0aaa739b787, type: 3}
  m_Name: 
  m_EditorClassIdentifier: 
--- !u!114 &114656553025293414
MonoBehaviour:
  m_ObjectHideFlags: 0
  m_CorrespondingSourceObject: {fileID: 0}
  m_PrefabInstance: {fileID: 0}
  m_PrefabAsset: {fileID: 0}
  m_GameObject: {fileID: 1899395189629430}
  m_Enabled: 1
  m_EditorHideFlags: 0
  m_Script: {fileID: 11500000, guid: 5a4f0dcc56480194380e8edc52cecf26, type: 3}
  m_Name: 
  m_EditorClassIdentifier: 
  Damage: 30
  DontDestroy: 0
--- !u!114 &2967796526291376533
MonoBehaviour:
  m_ObjectHideFlags: 0
  m_CorrespondingSourceObject: {fileID: 0}
  m_PrefabInstance: {fileID: 0}
  m_PrefabAsset: {fileID: 0}
  m_GameObject: {fileID: 1899395189629430}
  m_Enabled: 1
  m_EditorHideFlags: 0
  m_Script: {fileID: 11500000, guid: 4628224a979b2b74b8822d0cc0fa797e, type: 3}
  m_Name: 
  m_EditorClassIdentifier: 
  rotateSpeed: 1200
